<?xml version="1.0" encoding="UTF-8"?><collection xmlns="http://www.loc.gov/MARC21/slim"><record><leader>00331nam--2200121-i-4500</leader><controlfield tag="001">000032257</controlfield><controlfield tag="002">20161230</controlfield><controlfield tag="005">20161230201039</controlfield><controlfield tag="008">060222s1000------------r-----000-0-eng-d</controlfield><datafield ind1=" " ind2=" " tag="100"><subfield code="a">Mazet, Robert</subfield></datafield><datafield ind1=" " ind2=" " tag="245"><subfield code="a">Mecanique vibratoire. preface de m.roy</subfield></datafield><datafield ind1=" " ind2=" " tag="260"><subfield code="a">Paris, Libr.Polytechnique Beranger, 1955, Xx + 280p.Cu Fig</subfield></datafield><datafield ind1=" " ind2=" " tag="852"><subfield code="a">11713</subfield></datafield></record></collection>